time,exchange,ticker,bid,ask,bidsize,asksize
2019-09-16 07:35:35.717,TrueFX,EUR/USD,1.10765,1.10768,100,100
2019-09-16 07:35:38.520,TrueFX,USD/JPY,107.847,107.85,100,100
2019-09-16 07:35:32.108,TrueFX,GBP/USD,1.24689,1.24694,100,100
2019-09-16 07:35:35.717,TrueFX,EUR/GBP,0.88832,0.88838,100,100
2019-09-16 07:35:36.251,TrueFX,USD/CHF,0.98911,0.98918,100,100
2019-09-16 07:35:38.525,TrueFX,EUR/JPY,119.457,119.461,100,100
2019-09-16 07:35:36.651,TrueFX,EUR/CHF,1.09562,1.09567,100,100
2019-09-16 07:35:35.700,TrueFX,USD/CAD,1.326,1.32608,100,100
2019-09-16 07:35:38.019,TrueFX,AUD/USD,0.68759,0.68765,100,100
2019-09-16 07:35:38.519,TrueFX,GBP/JPY,134.469,134.479,100,100
2019-09-16 07:35:40.065,TrueFX,EUR/USD,1.10767,1.10771,100,100
2019-09-16 07:35:40.530,TrueFX,USD/JPY,107.846,107.85,100,100
2019-09-16 07:35:41.154,TrueFX,GBP/USD,1.24699,1.24701,100,100
2019-09-16 07:35:39.911,TrueFX,EUR/GBP,0.88827,0.88833,100,100
2019-09-16 07:35:39.749,TrueFX,USD/CHF,0.98909,0.98917,100,100
2019-09-16 07:35:39.838,TrueFX,EUR/JPY,119.46,119.466,100,100
2019-09-16 07:35:40.491,TrueFX,EUR/CHF,1.09563,1.0957,100,100
2019-09-16 07:35:41.432,TrueFX,USD/CAD,1.326,1.32601,100,100
2019-09-16 07:35:39.812,TrueFX,AUD/USD,0.68762,0.68765,100,100
2019-09-16 07:35:41.432,TrueFX,GBP/JPY,134.481,134.491,100,100
2019-09-16 07:35:44.486,TrueFX,EUR/USD,1.10769,1.1077,100,100
2019-09-16 07:35:44.114,TrueFX,USD/JPY,107.847,107.85,100,100
2019-09-16 07:35:41.154,TrueFX,GBP/USD,1.24699,1.24701,100,100
2019-09-16 07:35:39.911,TrueFX,EUR/GBP,0.88827,0.88833,100,100
2019-09-16 07:35:43.137,TrueFX,USD/CHF,0.98911,0.98917,100,100
2019-09-16 07:35:44.114,TrueFX,EUR/JPY,119.46,119.466,100,100
2019-09-16 07:35:43.017,TrueFX,EUR/CHF,1.09566,1.0957,100,100
2019-09-16 07:35:44.322,TrueFX,USD/CAD,1.32597,1.32601,100,100
2019-09-16 07:35:42.275,TrueFX,AUD/USD,0.68766,0.6877,100,100
2019-09-16 07:35:44.111,TrueFX,GBP/JPY,134.481,134.49,100,100
2019-09-16 07:35:47.468,TrueFX,EUR/USD,1.10766,1.1077,100,100
2019-09-16 07:35:47.475,TrueFX,USD/JPY,107.843,107.848,100,100
2019-09-16 07:35:41.154,TrueFX,GBP/USD,1.24699,1.24701,100,100
2019-09-16 07:35:47.487,TrueFX,EUR/GBP,0.88826,0.8883,100,100
2019-09-16 07:35:47.345,TrueFX,USD/CHF,0.98912,0.9892,100,100
2019-09-16 07:35:47.465,TrueFX,EUR/JPY,119.454,119.46,100,100
2019-09-16 07:35:47.468,TrueFX,EUR/CHF,1.09563,1.09568,100,100
2019-09-16 07:35:46.872,TrueFX,USD/CAD,1.326,1.32601,100,100
2019-09-16 07:35:42.275,TrueFX,AUD/USD,0.68766,0.6877,100,100
2019-09-16 07:35:47.308,TrueFX,GBP/JPY,134.477,134.486,100,100
2019-09-16 07:35:47.468,TrueFX,EUR/USD,1.10766,1.1077,100,100
2019-09-16 07:35:50.374,TrueFX,USD/JPY,107.844,107.848,100,100
2019-09-16 07:35:50.679,TrueFX,GBP/USD,1.24692,1.24703,100,100
2019-09-16 07:35:50.315,TrueFX,EUR/GBP,0.88826,0.88832,100,100
2019-09-16 07:35:47.345,TrueFX,USD/CHF,0.98912,0.9892,100,100
2019-09-16 07:35:50.229,TrueFX,EUR/JPY,119.456,119.461,100,100
2019-09-16 07:35:50.554,TrueFX,EUR/CHF,1.09562,1.09568,100,100
2019-09-16 07:35:49.053,TrueFX,USD/CAD,1.326,1.32602,100,100
2019-09-16 07:35:42.275,TrueFX,AUD/USD,0.68766,0.6877,100,100
2019-09-16 07:35:50.562,TrueFX,GBP/JPY,134.478,134.486,100,100
2019-09-16 07:35:52.980,TrueFX,EUR/USD,1.10769,1.1077,100,100
2019-09-16 07:35:53.512,TrueFX,USD/JPY,107.843,107.847,100,100
2019-09-16 07:35:50.679,TrueFX,GBP/USD,1.24692,1.24703,100,100
2019-09-16 07:35:51.759,TrueFX,EUR/GBP,0.88827,0.88832,100,100
2019-09-16 07:35:53.579,TrueFX,USD/CHF,0.98911,0.98917,100,100
2019-09-16 07:35:53.535,TrueFX,EUR/JPY,119.456,119.461,100,100
2019-09-16 07:35:53.526,TrueFX,EUR/CHF,1.09566,1.09567,100,100
2019-09-16 07:35:49.053,TrueFX,USD/CAD,1.326,1.32602,100,100
2019-09-16 07:35:52.263,TrueFX,AUD/USD,0.68764,0.68768,100,100
2019-09-16 07:35:53.512,TrueFX,GBP/JPY,134.477,134.486,100,100
2019-09-16 07:35:52.980,TrueFX,EUR/USD,1.10769,1.1077,100,100
2019-09-16 07:35:53.956,TrueFX,USD/JPY,107.843,107.845,100,100
2019-09-16 07:35:56.324,TrueFX,GBP/USD,1.24692,1.24701,100,100
2019-09-16 07:35:51.759,TrueFX,EUR/GBP,0.88827,0.88832,100,100
2019-09-16 07:35:53.579,TrueFX,USD/CHF,0.98911,0.98917,100,100
2019-09-16 07:35:54.910,TrueFX,EUR/JPY,119.454,119.46,100,100
2019-09-16 07:35:55.251,TrueFX,EUR/CHF,1.09563,1.09567,100,100
2019-09-16 07:35:55.276,TrueFX,USD/CAD,1.326,1.32604,100,100
2019-09-16 07:35:52.263,TrueFX,AUD/USD,0.68764,0.68768,100,100
2019-09-16 07:35:56.240,TrueFX,GBP/JPY,134.474,134.485,100,100
2019-09-16 07:35:52.980,TrueFX,EUR/USD,1.10769,1.1077,100,100
2019-09-16 07:35:58.315,TrueFX,USD/JPY,107.843,107.847,100,100
2019-09-16 07:35:57.773,TrueFX,GBP/USD,1.24695,1.247,100,100
2019-09-16 07:35:56.868,TrueFX,EUR/GBP,0.88829,0.88835,100,100
2019-09-16 07:35:53.579,TrueFX,USD/CHF,0.98911,0.98917,100,100
2019-09-16 07:35:58.919,TrueFX,EUR/JPY,119.456,119.461,100,100
2019-09-16 07:35:56.922,TrueFX,EUR/CHF,1.09562,1.09567,100,100
2019-09-16 07:35:55.276,TrueFX,USD/CAD,1.326,1.32604,100,100
2019-09-16 07:35:52.263,TrueFX,AUD/USD,0.68764,0.68768,100,100
2019-09-16 07:35:58.325,TrueFX,GBP/JPY,134.473,134.484,100,100
2019-09-16 07:36:02.566,TrueFX,EUR/USD,1.10775,1.10777,100,100
2019-09-16 07:36:02.101,TrueFX,USD/JPY,107.843,107.847,100,100
2019-09-16 07:36:02.567,TrueFX,GBP/USD,1.24696,1.24703,100,100
2019-09-16 07:36:02.560,TrueFX,EUR/GBP,0.88832,0.88837,100,100
2019-09-16 07:36:02.548,TrueFX,USD/CHF,0.98909,0.98915,100,100
2019-09-16 07:36:02.560,TrueFX,EUR/JPY,119.463,119.469,100,100
2019-09-16 07:36:02.566,TrueFX,EUR/CHF,1.09566,1.09573,100,100
2019-09-16 07:36:01.882,TrueFX,USD/CAD,1.326,1.32602,100,100
2019-09-16 07:36:01.655,TrueFX,AUD/USD,0.68764,0.6877,100,100
2019-09-16 07:36:02.548,TrueFX,GBP/JPY,134.475,134.484,100,100
2019-09-16 07:36:02.642,TrueFX,EUR/USD,1.10776,1.10778,100,100
2019-09-16 07:36:05.501,TrueFX,USD/JPY,107.84,107.844,100,100
2019-09-16 07:36:05.337,TrueFX,GBP/USD,1.24709,1.24714,100,100
2019-09-16 07:36:02.672,TrueFX,EUR/GBP,0.88827,0.88832,100,100
2019-09-16 07:36:05.516,TrueFX,USD/CHF,0.98902,0.98908,100,100
2019-09-16 07:36:05.586,TrueFX,EUR/JPY,119.462,119.467,100,100
2019-09-16 07:36:05.546,TrueFX,EUR/CHF,1.0956,1.09567,100,100
2019-09-16 07:36:05.285,TrueFX,USD/CAD,1.326,1.32604,100,100
2019-09-16 07:36:01.655,TrueFX,AUD/USD,0.68764,0.6877,100,100
2019-09-16 07:36:05.524,TrueFX,GBP/JPY,134.483,134.493,100,100
